@ARTICLE{ARTICLE:1,
    AUTHOR="John Doe",
    TITLE="Title",
    JOURNAL="Journal",
    YEAR="2017",
}

@BOOK{Batch:1,
    AUTHOR="Ian Sutton",
    TITLE="Process Risk and Reliability Management",
    PUBLISHER="Gulf Professional Publishing",
    YEAR="2015",
}

@MISC{WEBSITE:1,
	HOWPUBLISHED = "\url{http://example.com}",
	AUTHOR = "Intel",
	TITLE = "Example Website",
	MONTH = "12",
	YEAR = "1988",
	URLDATE = {2012-11-26}
}

@MANUAL{dallas:ds18b20,
    organization  = "Dallas Semiconductor",
    title         = "DS18B20 Programmable Resolution 1-Wire Digital Thermometer",
    number        = "050400",
    year          =  2015,
    note          = "Rev. 3"
}

@book{teton2003,
	title={Gu{\'\i}a t{\'e}cnica de la acuariofilia},
	author={Teton, J.},
	isbn={9788489840249},
	series={Gu{\'\i}as t{\'e}cnicas},
	url={https://books.google.com.ar/books?id=6vrjovWkQicC},
	year={2003},
	publisher={Tursen S.A. - H. Blume}
}

@book{IEEE:citation,
	author={IEEE},
	title={IEEE Citation Reference},
	edition={1},
	url={http://www.ieee.org/documents/ieeecitationref.pdf},
	urldate={2016-9-26},
	publisher={IEEE Publications},
	year={2016}
}

@misc{DCS,
	author = {{ABB}},
	title = {Distributed control systems},
	url = {https://new.abb.com/control-systems},
	note = {Visitado el 2021-06-26},
	year = {2021}
}

@MISC{DCSaq,
   author =	{{ABB}},
   title =	{ABB Abilityâ„¢ system 800xA architecture},
   url =	{https://new.abb.com/control-systems/system-800xa/800xa-dcs/system/architecture},
   note =	{Disponible: 2021-06-26},
   	year = {2021}
 }
 
 @MISC{cbm,
   author =	{{ABB}},
   title =	{Compact Control Builder for AC 800M Controller},
   url =	{https://new.abb.com/control-systems/essential-automation/compact-product-suite/essential-controller-suite/compact-control-builder},
   note =	{Disponible: 2021-06-26},
   	year = {2021}
 }
 
@MISC{OPC,
	author =	{{OPC foundation}},
	title =	{What is OPC?},
	url =	{https://opcfoundation.org/about/what-is-opc/},
   note =	{Disponible: 2021-06-26},
   	year = {2021}
 }

@MISC{OPCclassic,
	author =	{{OPC foundation}},
	title =	{What is OPC Classic?},
	url =	{https://opcfoundation.org/faq/what-is-opc-classic/},
   note =	{Disponible: 2021-06-26},
   	year = {2021}
 }


@MISC{MX1,
	author =	{{Sara Salman Hassan}},
	title =	{Smart retrofitting of machine tools in the context of industry 4.0},
	url =	{https://www.sciencedirect.com/science/article/pii/S2212827120303838},
   note =	{Disponible: 2021-06-26},
   	year = {2021}
 } 

 @MISC{MX2,
	author =	{{Matthias Hebenstreit and Michael Spitzer and Matthias Eder}},
	title =	{An industry 4.0 production workplace enhanced by using mixed reality assembly instructions with microsoft hololens},
	url =	{https://www.researchgate.net/publication/344375201_An_Industry_40_Production_Workplace_Enhanced_by_Using_Mixed_Reality_Assembly_Instructions_with_Microsoft_HoloLens},
   note =	{Disponible: 2021-06-26},
   	year = {2021}
 } 
 
  @MISC{MX3,
	author =	{{Matthias Hebenstreit and Michael Spitzer and Matthias Eder}},
	title =	{An investigation of mixed reality technology for onsite construction assembly},
	url =	{https://www.matec-conferences.org/articles/matecconf/abs/2020/08/matecconf_eppm2018_06001/matecconf_eppm2018_06001.html},
   note =	{Disponible: 2021-06-26},
   	year = {2021}
 } 

  @MISC{HL,
	author =	{{Microsoft}},
	title =	{Hololens 2},
	url =	{https://www.microsoft.com/es-es/hololens},
   note =	{Disponible: 2021-06-26},
   	year = {2021}
 } 

  @MISC{MRTK,
	author =	{{Microsoft}},
	title =	{What is the Mixed Reality Toolkit},
	url =	{https://docs.microsoft.com/en-us/windows/mixed-reality/mrtk-unity/?view=mrtkunity-2021-05},
   note =	{Disponible: 2021-06-26},
   	year = {2021}
 } 
 
   @MISC{Fusion,
	author =	{{Autodesk}},
	title =	{Fusion 360},
	url =	{https://www.autodesk.com/products/fusion-360/overview?term=1-YEAR},
   note =	{Disponible: 2021-06-26},
   	year = {2021}
 } 

   @MISC{VS,
	author =	{{Microsoft}},
	title =	{Visual Studio},
	url =	{https://visualstudio.microsoft.com/es/},
   note =	{Disponible: 2021-06-26},
   	year = {2021}
 } 
 
    @MISC{Azure,
	author =	{{Microsoft}},
	title =	{Azure},
	url =	{https://azure.microsoft.com/en-us/overview/what-is-azure/},
   note =	{Disponible: 2021-06-26},
   	year = {2021}
 } 
 
     @MISC{WebApps,
	author =	{{Microsoft}},
	title =	{Azure Web Apps},
	url =	{https://azure.microsoft.com/en-us/services/app-service/web/},
   note =	{Disponible: 2021-06-26},
   	year = {2021}
 } 
 
    @MISC{mongo,
	author =	{{MongoDB}},
	title =	{What is MongoDB?},
	url =	{https://www.mongodb.com/what-is-mongodb},
   note =	{Disponible: 2021-06-26},
   	year = {2021}
 } 
 
    @MISC{atlas,
	author =	{{MongoDB}},
	title =	{MongoDB Atlas},
	url =	{https://www.mongodb.com/cloud/atlas},
   note =	{Disponible: 2021-06-26},
   	year = {2021}
 } 
 
     @MISC{CRUD,
	author =	{{MongoDB}},
	title =	{MongoDB},
	url =	{https://docs.mongodb.com/manual/crud/},
   note =	{Disponible: 2021-06-26},
   	year = {2021}
 } 
 

  @MISC{softc,
	author =	{{ABB}},
	title =	{SoftController},
	url =	{https://new.abb.com/control-systems/system-800xa/800xa-dcs/hardware-controllers-io/control-builder-engineering-software},
   note =	{Disponible: 2021-06-26},
   	year = {2021}
 } 
 
   @MISC{esxi,
	author =	{{VMware}},
	title =	{VMware ESXi: The Purpose-Built Bare Metal Hypervisor},
	url =	{https://www.vmware.com/products/esxi-and-esx.html},
   note =	{Disponible: 2021-06-26},
   	year = {2021}
 } 

@misc{rfc2616,
	series =	{Request for Comments},
	number=		2616,
	howpublished=	{RFC 2616},
	publisher =	{RFC Editor},
	doi =		{10.17487/rfc2616},
	url =		{https://rfc-editor.org/rfc/rfc2616.txt},
	author=		{Jeffrey Mogul and Larry M Masinter and Roy T. Fielding and Jim Gettys and Paul J. Leach and Tim Berners-Lee},
	title=		{{Hypertext Transfer Protocol -- HTTP/1.1}},
	pagetotal =	176,
	year =		2013,
	month =		3,
	day =		2,
	abstract =	{HTTP has been in use by the World-Wide Web global information initiative since 1990. This specification defines the protocol referred to as &quot;HTTP/1.1&quot;, and is an update to RFC 2068. [STANDARDS-TRACK]},
}

@misc{rfc3875,
	series =	{Request for Comments},
	number=		3875,
	howpublished=	{RFC 3875},
	publisher =	{RFC Editor},
	doi =		{10.17487/rfc3875},
	url =		{https://rfc-editor.org/rfc/rfc3875.txt},
	author=		{David Robinson},
	title=		{{The Common Gateway Interface (CGI) Version 1.1}},
	pagetotal =	36,
	year =		2013,
	month =		mar,
	day =		20,
	abstract =	{The Common Gateway Interface (CGI) is a simple interface for running external programs, software or gateways under an information server in a platform-independent manner. Currently, the supported information servers are HTTP servers.},
}

@misc{rfc7540,
	series =	{Request for Comments},
	number=		7540,
	howpublished=	{RFC 7540},
	publisher =	{RFC Editor},
	doi =		{10.17487/rfc7540},
	url =		{https://rfc-editor.org/rfc/rfc7540.txt},
	author=		{Mike Belshe and Roberto Peon and Martin Thomson},
	title=		{{Hypertext Transfer Protocol Version 2 (HTTP/2)}},
	pagetotal =	96,
	year =		2015,
	month =		nov,
	day =		18,
	abstract =	{This specification describes an optimized expression of the semantics of the Hypertext Transfer Protocol (HTTP), referred to as HTTP version 2 (HTTP/2). HTTP/2 enables a more efficient use of network resources and a reduced perception of latency by introducing header field compression and allowing multiple concurrent exchanges on the same connection. It also introduces unsolicited push of representations from servers to clients.},
}